@article{karanth1995estimating,
  title={Estimating tiger Panthera tigris populations from camera-trap data using captureâ€”recapture models},
  author={Karanth, K Ullas},
  journal={Biological conservation},
  volume={71},
  number={3},
  pages={333--338},
  year={1995},
  publisher={Elsevier}
}

@article{gomez2016towards,
  title={Towards automatic wild animal monitoring: identification of animal species in camera-trap images using very deep convolutional neural networks},
  author={Gomez, Alexander and Salazar, Augusto and Vargas, Francisco},
  journal={arXiv preprint arXiv:1603.06169},
  year={2016}
}