@article{karanth1995estimating,
  title={Estimating tiger Panthera tigris populations from camera-trap data using captureâ€”recapture models},
  author={Karanth, K Ullas},
  journal={Biological conservation},
  volume={71},
  number={3},
  pages={333--338},
  year={1995},
  publisher={Elsevier}
}
@article{silveira2003camera,
  title={Camera trap, line transect census and track surveys: a comparative evaluation},
  author={Silveira, Leandro and Jacomo, Anah TA and Diniz-Filho, Jose Alexandre F},
  journal={Biological Conservation},
  volume={114},
  number={3},
  pages={351--355},
  year={2003},
  publisher={Elsevier}
}

@online{creatorci40,
  author={Imagination Technologies Limited},
  title={Creator Ci40 IoT Hub - Build your Internet of Things Product},
  urldate={2018-04-12},
  url={https://creatordev.io/ci40-iot-hub.html}
}

@online{mikroeclick,
  author={MikroElektronika d.o.o.},
  title={6LoWPAN clicker - a compact development board | MikroElektronika},
  urldate={2018-04-12},
  url={https://www.mikroe.com/clicker-6lowpan}
}